@article{ficara2011differential,
  title={Differential encoding of DFAs for fast regular expression matching},
  author={Ficara, Domenico and Di Pietro, Andrea and Giordano, Stefano and Procissi, Gregorio and Vitucci, Fabio and Antichi, Gianni},
  journal={IEEE/ACM Transactions on Networking (TON)},
  volume={19},
  number={3},
  pages={683--694},
  year={2011},
  publisher={IEEE Press}
}

@inproceedings{backurs2016regular,
  title={Which Regular Expression Patterns are Hard to Match?},
  author={Backurs, Arturs and Indyk, Piotr},
  booktitle={Foundations of Computer Science (FOCS), 2016 IEEE 57th Annual Symposium on},
  pages={457--466},
  year={2016},
  organization={IEEE}
}
