@article{ficara2011differential,
  title={Differential encoding of DFAs for fast regular expression matching},
  author={Ficara, Domenico and Di Pietro, Andrea and Giordano, Stefano and Procissi, Gregorio and Vitucci, Fabio and Antichi, Gianni},
  journal={IEEE/ACM Transactions on Networking (TON)},
  volume={19},
  number={3},
  pages={683--694},
  year={2011},
  publisher={IEEE Press}
}

@inproceedings{backurs2016regular,
  title={Which Regular Expression Patterns are Hard to Match?},
  author={Backurs, Arturs and Indyk, Piotr},
  booktitle={Foundations of Computer Science (FOCS), 2016 IEEE 57th Annual Symposium on},
  pages={457--466},
  year={2016},
  organization={IEEE}
}

@inproceedings{li2009reggae,
  title={Reggae: Automated test generation for programs using complex regular expressions},
  author={Li, Nuo and Xie, Tao and Tillmann, Nikolai and de Halleux, Jonathan and Schulte, Wolfram},
  booktitle={Automated Software Engineering, 2009. ASE'09. 24th IEEE/ACM International Conference on},
  pages={515--519},
  year={2009},
  organization={IEEE}
}

@inproceedings{larson2016generating,
  title={Generating Evil Test Strings for Regular Expressions},
  author={Larson, Eric and Kirk, Anna},
  booktitle={Software Testing, Verification and Validation (ICST), 2016 IEEE International Conference on},
  pages={309--319},
  year={2016},
  organization={IEEE}
}

@article{kiezun2012hampi,
  title={HAMPI: A solver for word equations over strings, regular expressions, and context-free grammars},
  author={Kiezun, Adam and Ganesh, Vijay and Artzi, Shay and Guo, Philip J and Hooimeijer, Pieter and Ernst, Michael D},
  journal={ACM Transactions on Software Engineering and Methodology (TOSEM)},
  volume={21},
  number={4},
  pages={25},
  year={2012},
  publisher={ACM}
}

@inproceedings{kiezun2009hampi,
  title={HAMPI: a solver for string constraints},
  author={Kiezun, Adam and Ganesh, Vijay and Guo, Philip J and Hooimeijer, Pieter and Ernst, Michael D},
  booktitle={Proceedings of the eighteenth international symposium on Software testing and analysis},
  pages={105--116},
  year={2009},
  organization={ACM}
}

@inproceedings{zhao2005fully,
  title={Fully automatic wrapper generation for search engines},
  author={Zhao, Hongkun and Meng, Weiyi and Wu, Zonghuan and Raghavan, Vijay and Yu, Clement},
  booktitle={Proceedings of the 14th international conference on World Wide Web},
  pages={66--75},
  year={2005},
  organization={ACM}
}

@inproceedings{hutchings2002assisting,
  title={Assisting network intrusion detection with reconfigurable hardware},
  author={Hutchings, Brad L and Franklin, Rob and Carver, Daniel},
  booktitle={Field-Programmable Custom Computing Machines, 2002. Proceedings. 10th Annual IEEE Symposium on},
  pages={111--120},
  year={2002},
  organization={IEEE}
}

@article{ficara2008improved,
  title={An improved DFA for fast regular expression matching},
  author={Ficara, Domenico and Giordano, Stefano and Procissi, Gregorio and Vitucci, Fabio and Antichi, Gianni and Di Pietro, Andrea},
  journal={ACM SIGCOMM Computer Communication Review},
  volume={38},
  number={5},
  pages={29--40},
  year={2008},
  publisher={ACM}
}

@misc{regex101,
  title = {Online regex tester, debugger with highlighting for PHP, PCRE, Python, Golang and JavaScript},
  howpublished = {\url{https://regex101.com/}}
}

@misc{regexr,
  title = {RegExr: Learn, Build, and Test RegEx},
  howpublished = {\url{https://regexr.com/}}
}

@misc{regexper,
  title = {Regular expression visualizer using railroad diagrams},
  howpublished = {\url{https://regexper.com/}}
}

@misc{rise4fun,
  title = {Rex @ rise4fun from Microsoft},
  howpublished = {\url{http://rise4fun.com/rex/}}
}
@inproceedings{rex,
  title={Rex: Symbolic regular expression explorer},
  author={Veanes, Margus and De Halleux, Peli and Tillmann, Nikolai},
  booktitle={Software Testing, Verification and Validation (ICST), 2010 Third International Conference on},
  pages={498--507},
  year={2010},
  organization={IEEE}
}

@Misc{brics,
  author =  {Anders M\o{}ller},
  title =   {dk.brics.automaton -- Finite-State Automata
             and Regular Expressions for {Java}},
  note =    {\texttt{http://www.brics.dk/automaton/}},
  year =    2010
} 
